<?xml version="1.0" encoding="UTF-8"?><collection xmlns="http://www.loc.gov/MARC21/slim"><record><leader>00381nam--2200121-i-4500</leader><controlfield tag="001">000001904</controlfield><controlfield tag="002">20161230</controlfield><controlfield tag="005">20161230201024</controlfield><controlfield tag="008">060222s1000------------r-----000-0-eng-d</controlfield><datafield ind1=" " ind2=" " tag="100"><subfield code="a">Goetzel, Claus G</subfield></datafield><datafield ind1=" " ind2=" " tag="245"><subfield code="a">La metallurgie des poudres.principes,progres recents de la technologie, materiaux et applications</subfield></datafield><datafield ind1=" " ind2=" " tag="260"><subfield code="a">Saclay, Centre D Etudes Nucleaires, 1962. 99 P</subfield></datafield><datafield ind1=" " ind2=" " tag="852"><subfield code="a">18339</subfield></datafield></record></collection>